@BOOK{KuehnBook,
   author = "C. Kuehn",
   title = "Multiple Time Scale Dynamics",
   year = 2015,
   publisher = "Springer",
   }
   
@ARTICLE{GrossDLimaBlasius,
   author = "T. Gross and C.J. Dommar D'Lima and B. Blasius",
   title = "Epidemic dynamics on an adaptive network",
   journal = "Phys. Rev. Lett.",
   volume = 96,
   pages = {(208701)},
   year = 2006,
   } 
   
@ARTICLE{ShawSchwartz,
   author = "L.B. Shaw and I.B. Schwartz",
   title = "Fluctuating epidemics on adaptive networks",
   journal = "Phys. Rev. E",
   volume = 77,
   pages = {(066101)},
   year = 2008,
   }
   
@BOOK{Norris,
   author = "J.R. Norris",
   title = "Markov Chains",
   publisher = "Cambridge University Press",
   year = 2006,
   }
   
@BOOK{KissMillerSimon,
   author = "I.Z. Kiss and J. Miller and P.L. Simon",
   title = "Mathematics of Epidemics on Networks: From Exact to Approximate Models",
   publisher = "Springer",
   year = 2017,
   }
   
@BOOK{GrossSayama,
   editor = "T. Gross and H. Sayama",
   title = "Adaptive Networks: Theory, Models and Applications",
   publisher = "Springer",
   year = 2009,
   }
   
@INCOLLECTION{KuehnMC,
   author = "C. Kuehn",
	 editor = "E. Sch{\"o}ll and S. Klapp and P. H{\"o}vel",
	 booktitle = "Control of Self-Organizing Nonlinear Systems",
   title = "Moment closure - a brief review",
   publisher = "Springer",
   pages = {253--271},
   year = 2016,
   } 
   
@ARTICLE{HouseKeeling,
   author = "T. House and M.J. Keeling",
   title = "Insights from unifying modern approximations to infections on networks",
   journal = "J. R. Soc. Interface",
   volume = 8,
   pages = {67--73},
   year = 2011,
   }

@ARTICLE{KeelingRandMorris,
   author = "M.J. Keeling and D.A. Rand and A.J. Morris",
   title = "Correlation models for childhood epidemics",
   journal = "Proc. R. Soc. B",
   volume = 264,
   number = 1385,
   pages = {1149--1156},
   year = 1997,
   }  
   
@ARTICLE{Keeling,
   author = "M.J. Keeling",
   title = "The effects of local spatial structure on epidemiological invasions",
   journal = "Proc. R. Soc. London B",
   volume = 266,
   number = 1421,
   pages = {859--867},
   year = 1999,
   }  
   
@ARTICLE{MaierBrockmann,
   author = "B.F. Maier and D. Brockmann",
   title = "Effective containment explains subexponential growth in recent confirmed {COVID-19} cases in {China}",
   journal = "Science",
	 volume = 368,
	 number = 6492,
   pages = {742--746},
   year = 2020,
   } 

@BOOK{AndersonMay,
   author = "R.M.~Anderson and R.M.~May",
   title = "Infectious Diseases of Humans: Dynamics and Control",
   year = 1991,
   publisher = "Oxford University Press",
   }
   
@BOOK{BrauervandenDriesscheWu,
   author = "F. Brauer and P. van den Driessche and J. Wu",
   title = "Mathematical Epidemiology",
   publisher = "Springer",
   year = 2008,
   }

@ARTICLE{ColizzaBarratBarthelemyVespignani,
   author = "V. Colizza and A. Barrat and M. Barth{\'e}lemy and A. Vespignani",
   title = "The role of the airline transportation network in the prediction and predictability of global epidemics",
   journal = "Proc. Natl. Acad. Sci. USA",
   volume = 103,
   number = 7,
   year = 2006,
   pages = {2015--2020}  
   }
   
  @ARTICLE{Pastor-Satorrasetal,
   author = "R. Pastor-Satorras and C. Castellano and P. Van Mieghem and A. Vespignani",
   title = "Epidemic processes in complex networks",
   journal = "Rev. Mod. Phys.",
   volume = 87,
   number = 3,
   pages = {925},
   year = 2015,
   } 
   
 @ARTICLE{Pastor-SatorrasVespignani,
   author = "R. Pastor-Satorras and A. Vespignani",
   title = "Epidemic spreading in scale-free networks",
   journal = "Phys. Rev. Lett.",
   volume = 86,
   number = 14,
   pages = {3200--3203},
   year = 2001,
   } 
   
@ARTICLE{Kucharskietal,
   author = "A.J. Kucharski and P. Klepac and A.J. Conlan and S.M. Kissler and M.L. Tang and H. Fry and J.R. Gog and W.J. Edmunds",
   title = "Effectiveness of isolation, testing, contact tracing, and physical distancing on reducing transmission of {SARS-CoV-2} in different settings: a mathematical modelling study",
   journal = "Lancet Infect. Dis.",
   volume = 20,
	 number = 10,
   pages = {1151--1160},
   year = 2020,
   } 
   
@ARTICLE{Giordanoetal,
   author = "G. Giordano and F. Blanchini and R. Bruno and P. Colaneri and A. Di Filippo and A. Di Matteo and M. Colaneri",
   title = "Modelling the {COVID-19} epidemic and implementation of population-wide interventions in {Italy}",
   journal = "Nat. Med.",
   volume = 26,
   pages = {855--860},
   year = 2020,
   }

@ARTICLE{Ferrettietal,
   author = "L. Ferretti and C. Wymant and M. Kendall and L. Zhao and A. Nurtay and L. Abeler-D{\"o}rner and M. Parker and D. Bonsall and C. Fraser",
   title = " Quantifying {SARS-CoV-2} transmission suggests epidemic control with digital contact tracing",
   journal = "Science",
   volume = 368,
   pages = {6491},
   year = 2020,
   } 

@ARTICLE{Kretzschmaretal,
   author = "M.E. Kretzschmar and G. Rozhnova and M.C.J. Bootsma and M. van Boven J.H.H.M. van de Wijgert and M.J.M. Bonten",
   title = "Impact of delays on effectiveness of contact tracing strategies for  {COVID-19}: a modelling study",
   journal = "Lancet Pub. Health",
   volume = 5,
   number = 8,
   pages = {e452--e459},
   year = 2020,
   }   
   
@ARTICLE{Peaketal,
   author = "C.M. Peak and R. Kahn and Y.H. Grad and L.M. Childs and R.L. Li and M. Lipsitch and C.O. Buckee",
   title = "Individual quarantine versus active monitoring of contacts for the mitigation of {COVID-19}: a modelling study",
   journal = "Lancet Inf. Dis.",
   volume = 20,
   number = 9,
   pages = {1025--1033},
   year = 2020,
   } 
   
@ARTICLE{Balletal,
   author = "F. Ball and T. Britton and K.Y. Leung and D. Sirl",
   title = "A stochastic {SIR} network epidemic model with preventive dropping of edges",
   journal = "J. Math. Biol.",
   volume = 78,
   number = 6,
   year = 2019,
   pages = {1875--1951}  
   } 
   
@ARTICLE{WidderKuehn,
   author = "A. Widder and C. Kuehn",
   title = "Heterogeneous population dynamics and scaling laws near epidemic outbreaks",
   journal = "Math. Biosci. Eng.",
	 volume = 13,
	 number = 5,
   year = 2016,
   pages = {1093--1118}  
   }
   
@ARTICLE{KuehnZschalerGross,
   author = "C. Kuehn and G. Zschaler and T. Gross",
   title = "Early warning signs for saddle-escape transitions in complex networks",
   journal = "Scientific Reports",
	 volume = 5,
   pages = {13190},
   year = 2015,
   }
   
@ARTICLE{HorstmeyerKuehnThurner,
   author = "L. Horstmeyer and C. Kuehn and S. Thurner",
   title = "Network topology near criticality in adaptive epidemics",
   journal = "Phys. Rev. E",
	 volume = 98,
   pages = {042313},
   year = 2018,
   }
   
@ARTICLE{Brettetal,
   author = "T.S. Brett and E.B. O'Dea and E. Marty and P.B. Miller and A.W. Park and J.M. Drake and P. Rohani",
   title = "Anticipating epidemic transitions with imperfect data",
   journal = "PLoS Comp. Biol.",
   volume = 14,
   number = 6,
   pages = {e1006204},
   year = 2018,
   }
   
@ARTICLE{OReganDrake,
   author = "S.M. O'Regan and J.M. Drake",
   title = "Theory of early warning signals of disease emergence and leading indicators of elimination",
   journal = "Theor. Ecol.",
   volume = 6,
   number = 3,
   pages = {333--357},
   year = 2013,
   } 
   
@BOOK{DiekmannHeesterbeek,
   author = "O. Diekmann and J.A.P. Heesterbeek",
   title = "Mathematical Epidemiology of Infectious Diseases: Model Building, Analysis and Interpretation",
   publisher = "Wiley",
   year = 2000,
   }
   
@ARTICLE{Durrett,
   author = "R. Durrett",
   title = "Some features of the spread of epidemics and information on a random graph",
   journal = "Proc. Natl. Acad.Sci. USA",
   volume = 107,
   number = 10,
   pages = {4491--4498},
   year = 2010,
   } 
   
@ARTICLE{Risau-GusmanZanette,
   author = "S. Risau-Gusman and D.H. Zanette",
   title = "Contact switching as a control strategy for epidemic outbreaks",
   journal = "J. Theor. Biol.",
   volume = 257,
   pages = {52--60},
   year = 2009,
   } 
   
@ARTICLE{TuncShkarayev,
   author = "Z. Tufekci and C. Wilson",
   title = "Epidemics in adaptive social networks with temporary link deactivation",
   journal = "J. Stat. Phys.",
   volume = 151,
   number = 1,
   pages = {355--366},
   year = 2013,
   }
   
@ARTICLE{ThurnerKlimekHanel,
   author = "S. Thurner and P. Klimek and R. Hanel",
   title = "A network-based explanation of why most {COVID-19} infection curves are linear",
   journal = "Proc. Natl. Acad. Sci. USA",
   volume = 117,
   number = 37,
   pages = {22684--22689},
   year = 2020,
   } 